@inproceedings{bate2005efficient,
  title={Efficient integration of bimodal branch prediction and pipeline analysis},
  author={Bate, Iain and Reutemann, Ralf},
  booktitle={Embedded and Real-Time Computing Systems and Applications, 2005. Proceedings. 11th IEEE International Conference on},
  pages={39--44},
  year={2005},
  organization={IEEE}
}